@article{opencv_library,
    author = {Bradski, G.},
    citeulike-article-id = {2236121},
    journal = {Dr. Dobb's Journal of Software Tools},
    keywords = {bibtex-import},
    posted-at = {2008-01-15 19:21:54},
    priority = {4},
    title = {{The OpenCV Library}},
    year = {2000}
}

@inproceedings{alcantarilla2012kaze,
  title={KAZE features},
  author={Alcantarilla, Pablo Fern{\'a}ndez and Bartoli, Adrien and Davison, Andrew J},
  booktitle={European Conference on Computer Vision},
  pages={214--227},
  year={2012},
  organization={Springer}
}

@inproceedings{nowak2006sampling,
  title={Sampling strategies for bag-of-features image classification},
  author={Nowak, Eric and Jurie, Fr{\'e}d{\'e}ric and Triggs, Bill},
  booktitle={European conference on computer vision},
  pages={490--503},
  year={2006},
  organization={Springer}
}

@article{suykens1999least,
  title={Least squares support vector machine classifiers},
  author={Suykens, Johan AK and Vandewalle, Joos},
  journal={Neural processing letters},
  volume={9},
  number={3},
  pages={293--300},
  year={1999},
  publisher={Springer}
}

@article{liaw2002classification,
  title={Classification and regression by randomForest},
  author={Liaw, Andy and Wiener, Matthew and others},
  journal={R news},
  volume={2},
  number={3},
  pages={18--22},
  year={2002}
}


@article{blei2003latent,
  title={Latent dirichlet allocation},
  author={Blei, David M and Ng, Andrew Y and Jordan, Michael I},
  journal={Journal of machine Learning research},
  volume={3},
  number={Jan},
  pages={993--1022},
  year={2003}
}

@inproceedings{teh2005sharing,
  title={Sharing clusters among related groups: Hierarchical Dirichlet processes},
  author={Teh, Yee W and Jordan, Michael I and Beal, Matthew J and Blei, David M},
  booktitle={Advances in neural information processing systems},
  pages={1385--1392},
  year={2005}
}

@article{hartigan1979algorithm,
  title={Algorithm AS 136: A k-means clustering algorithm},
  author={Hartigan, John A and Wong, Manchek A},
  journal={Journal of the Royal Statistical Society. Series C (Applied Statistics)},
  volume={28},
  number={1},
  pages={100--108},
  year={1979},
  publisher={JSTOR}
}

@inproceedings{li2017reliable,
  title={Reliable Crowdsourcing and Deep Locality-Preserving Learning for Expression Recognition in the Wild},
  author={Li, Shan and Deng, Weihong and Du, JunPing},
  booktitle={2017 IEEE Conference on Computer Vision and Pattern Recognition (CVPR)},
  pages={2584--2593},
  year={2017},
  organization={IEEE}
}

@article{li2019reliable,
  title={Reliable Crowdsourcing and Deep Locality-Preserving Learning for Unconstrained Facial Expression Recognition},
  author={Li, Shan and Deng, Weihong},
  journal={IEEE Transactions on Image Processing},
  volume={28},
  number={1},
  pages={356--370},
  year={2019},
  publisher={IEEE}
}
